<?xml version="1.0" encoding="UTF-8"?><record xmlns="http://www.loc.gov/MARC21/slim" xmlns:cinclude="http://apache.org/cocoon/include/1.0" xmlns:zs="http://www.loc.gov/zing/srw/">
  <leader>00582nz  a2200133n  4500</leader>
  <controlfield tag="001">n  91006997 </controlfield>
  <controlfield tag="003">DLC</controlfield>
  <controlfield tag="005">19910123164356.6</controlfield>
  <controlfield tag="008">910123n| acannaab|          |a aaa |||  </controlfield>
  <datafield tag="010" ind1=" " ind2=" ">
    <subfield code="a">n  91006997 </subfield>
  </datafield>
  <datafield tag="040" ind1=" " ind2=" ">
    <subfield code="a">DLC</subfield>
    <subfield code="c">DLC</subfield>
  </datafield>
  <datafield tag="100" ind1="1" ind2="0">
    <subfield code="a">Plazer, Lukas,</subfield>
    <subfield code="d">1663-1723</subfield>
  </datafield>
  <datafield tag="400" ind1="1" ind2="0">
    <subfield code="a">Plazer, Stephanus,</subfield>
    <subfield code="d">1663-1723</subfield>
  </datafield>
  <datafield tag="670" ind1=" " ind2=" ">
    <subfield code="a">His Der barocke Franziskuszyklus von Frater Lukas Plazer in Innichen, 1990:</subfield>
    <subfield code="b">p. 7, etc. (Frater Lukas (Stephan) Plazer; b. 11/21/1631 in St. Michael/Eppan as Stephanus Plazer; entered in 1686 the Franciscan order in Bozen under the name of Lukas; d. 05/02/1723 in Innsbruck)</subfield>
  </datafield>
</record>